%  \item Alpaydin, E., 2020. Introduction to machine learning. MIT press.
%     \item Wozniak, M., 2013. Hybrid classifiers: methods of data, knowledge, and classifier combination (Vol. 519). Springer.
%     \item Marek Kurzyński, Rozpoznawanie obiektów – metody statystyczne, Oficyna
%     Wyd. Politechniki Wrocławskiej, Wrocław 1998.
%     \item W. Sobczak, W. Malina, Metody selekcji i redukcji informacji, WNT, Warszawa 1988.
%     \item M. Kurzyński, Metody sztucznej inteligencji dla inżynierów, PWSZ Legnica
%     2009.
%     \item https://towardsdatascience.com/knn-k-nearest-neighbors-1-a4707b24bd1d
%     \item https://towardsdatascience.com/chi-square-test-for-feature-selection-in-machine-learning-206b1f0b8223

% @misc{introtoml,
%     title = {{Introduction to machine learning. MIT press.}},
%     author = "Alpaydin, E",
%     note = "(data dostępu: 20.04.2021)",
%     howpublished ="\\\url{https://code.visualstudio.com/docs}"
% }
@misc{introtoml,
    title = {{Introduction to machine learning. MIT press.}},
    author = "Alpaydin, E",
    howpublished = "MIT press"
}

@misc{hybridclass,
    title = {{Hybrid classifiers: methods of data, knowledge, and classifier combination (Vol. 519)}},
    author = "Wozniak, M.",
    howpublished = "Springer"
}
@misc{rozp_obiektow,
    title = {{Rozpoznawanie obiektów – metody statystyczne}},
    author = "Marek Kurzyński",
    howpublished = "Oficyna Wyd. Politechniki Wrocławskiej"
}
@misc{metody_selekcji,
    title = {{Metody selekcji i redukcji informacji}},
    author = "W. Sobczak, W. Malina",
    howpublished ="WNT"
}
@misc{metody_si,
    title = {{Metody sztucznej inteligencji dla inżynierów}},
    author = "Marek Kurzyński",
    howpublished ="PWSZ Legnica"
}
@misc{knn,
    title = {{KNN (K-Nearest Neighbors)}},
    author = "Italo Jose",
    note = "(data dostępu: 20.04.2021)",
    howpublished ="\\\url{https://towardsdatascience.com/knn-k-nearest-neighbors-1-a4707b24bd1d}"
}

@misc{chi2,
    title = {{Chi-Square Test for Feature Selection in Machine learning}},
    author = "Sampath Kumar Gajawada",
    note = "(data dostępu: 20.04.2021)",
    howpublished ="\\\url{https://towardsdatascience.com/chi-square-test-for-feature-selection-in-machine-learning-206b1f0b8223}"
}
@misc{tstud,
    title = {{T-test using Python and Numpy}},
    author = "Amulya Aankul",
    note = "(data dostępu: 20.04.2021)",
    howpublished ="\\\url{https://towardsdatascience.com/inferential-statistics-series-t-test-using-numpy-2718f8f9bf2f}"
}

@article{scikit-learn,
 title={Scikit-learn: Machine Learning in {P}ython},
 author={Pedregosa, F. and Varoquaux, G. and Gramfort, A. and Michel, V.
         and Thirion, B. and Grisel, O. and Blondel, M. and Prettenhofer, P.
         and Weiss, R. and Dubourg, V. and Vanderplas, J. and Passos, A. and
         Cournapeau, D. and Brucher, M. and Perrot, M. and Duchesnay, E.},
 journal={Journal of Machine Learning Research},
 volume={12},
 pages={2825--2830},
 year={2011}
}

@Article{         harris2020array,
 title         = {Array programming with {NumPy}},
 author        = {Charles R. Harris and K. Jarrod Millman and St{\'{e}}fan J.
                 van der Walt and Ralf Gommers and Pauli Virtanen and David
                 Cournapeau and Eric Wieser and Julian Taylor and Sebastian
                 Berg and Nathaniel J. Smith and Robert Kern and Matti Picus
                 and Stephan Hoyer and Marten H. van Kerkwijk and Matthew
                 Brett and Allan Haldane and Jaime Fern{\'{a}}ndez del
                 R{\'{i}}o and Mark Wiebe and Pearu Peterson and Pierre
                 G{\'{e}}rard-Marchant and Kevin Sheppard and Tyler Reddy and
                 Warren Weckesser and Hameer Abbasi and Christoph Gohlke and
                 Travis E. Oliphant},
 year          = {2020},
 month         = sep,
 journal       = {Nature},
 volume        = {585},
 number        = {7825},
 pages         = {357--362},
 doi           = {10.1038/s41586-020-2649-2},
 publisher     = {Springer Science and Business Media {LLC}},
 url           = {https://doi.org/10.1038/s41586-020-2649-2}
}

@software{reback2020pandas,
    author       = {The pandas development team},
    title        = {pandas-dev/pandas: Pandas},
    month        = feb,
    year         = 2020,
    publisher    = {Zenodo},
    version      = {latest},
    doi          = {10.5281/zenodo.3509134},
    url          = {https://doi.org/10.5281/zenodo.3509134}
}

@misc{py3.8,
    title = {{Dokumentacja języka Python w wersji 3.9}},
    note = "(data dostępu: 25.04.2021)",
    howpublished="\\\url{https://docs.python.org/3.9/}"
    
}
@ARTICLE{2020SciPy-NMeth,
  author  = {Virtanen, Pauli and Gommers, Ralf and Oliphant, Travis E. and
            Haberland, Matt and Reddy, Tyler and Cournapeau, David and
            Burovski, Evgeni and Peterson, Pearu and Weckesser, Warren and
            Bright, Jonathan and {van der Walt}, St{\'e}fan J. and
            Brett, Matthew and Wilson, Joshua and Millman, K. Jarrod and
            Mayorov, Nikolay and Nelson, Andrew R. J. and Jones, Eric and
            Kern, Robert and Larson, Eric and Carey, C J and
            Polat, {\.I}lhan and Feng, Yu and Moore, Eric W. and
            {VanderPlas}, Jake and Laxalde, Denis and Perktold, Josef and
            Cimrman, Robert and Henriksen, Ian and Quintero, E. A. and
            Harris, Charles R. and Archibald, Anne M. and
            Ribeiro, Ant{\^o}nio H. and Pedregosa, Fabian and
            {van Mulbregt}, Paul and {SciPy 1.0 Contributors}},
  title   = {{{SciPy} 1.0: Fundamental Algorithms for Scientific
            Computing in Python}},
  journal = {Nature Methods},
  year    = {2020},
  volume  = {17},
  pages   = {261--272},
  adsurl  = {https://rdcu.be/b08Wh},
  doi     = {10.1038/s41592-019-0686-2},
}

@misc{k-fold,
    title = {{Repeated k-Fold Cross-Validation for Model Evaluation in Python}},
    author = "Jason Brownlee",
    note = "(data dostępu: 27.04.2021)",
    howpublished ="\\\url{https://machinelearningmastery.com/repeated-k-fold-cross-validation-with-python/}"
}


@misc{anemia1,
    title = {{Anemia in the emergency department: evaluation and treatment}},
    author = "Janz  TG, Johnson RL, Rubenstein SD",
    howpublished ="Emergency Medicine Practice. 15 (11): 1–15, quiz 15–16. PMID 24716235"
}
@misc{anemia2,
    title = {{Years lived with disability (YLDs) for 1160 sequelae of 289 diseases and injuries 1990-2010: a systematic analysis for the Global Burden of Disease Study 2010}},
    author = "Vos T",
    note = "(data dostępu: 16.03.2021)",
    howpublished ="\\\url{https://www.documentation.ird.fr/hor/fdi:010059240}"
}
@misc{who,
    title = {{World Health Organization}},
    note = "(data dostępu: 16.03.2021)",
    howpublished ="\\\url{https://www.who.int}"
}
@misc{distance,
    title = {{9 Distance Measures in Data Science}},
    note = "(data dostępu: 16.05.2021)",
    howpublished ="\\\url{https://towardsdatascience.com/9-distance-measures-in-data-science-918109d069fa}"
}
@misc{knnimprove,
    title = {{Improving the accuracy of k-nearest neighbor using local
mean based and distance weight}},
    author = "K.U. Syaliman, E.B. Nababan, and O.S. Sitompul"
    note = "(data dostępu: 22.05.2021)",
    howpublished ="\\\url{https://iopscience.iop.org/article/10.1088/1742-6596/978/1/012047/pdf}"
}

